<record xmlns="http://www.loc.gov/MARC21/slim" xmlns:xsi="http://www.w3.org/2001/XMLSchema-instance" xsi:schemaLocation="http://www.loc.gov/MARC21/slim http://www.loc.gov/standards/marcxml/schema/MARC21slim.xsd"><leader>01686cz   2200241n  4500</leader><controlfield tag="001">oca03888748 </controlfield><controlfield tag="005">20001104070321.0</controlfield><controlfield tag="008">950726n| acannaabn          |a aaa     c</controlfield><datafield ind1=" " ind2=" " tag="010"><subfield code="a">nr 95027407 </subfield></datafield><datafield ind1=" " ind2=" " tag="040"><subfield code="a">NNC</subfield><subfield code="b">eng</subfield><subfield code="c">NNC</subfield><subfield code="d">OCoLC</subfield></datafield><datafield ind1="1" ind2=" " tag="100"><subfield code="a">Ateius Praetextatus, L.</subfield><subfield code="q">(Lucius),</subfield><subfield code="d">fl. 86-29 B.C.</subfield></datafield><datafield ind1="1" ind2=" " tag="400"><subfield code="a">Ateius Praetextatus, Lucius,</subfield><subfield code="d">fl. 86-29 B.C.</subfield></datafield><datafield ind1="1" ind2=" " tag="400"><subfield code="a">Ateius Praetextatus Philologus, Lucius,</subfield><subfield code="d">fl. 86-29 B.C.</subfield></datafield><datafield ind1="1" ind2=" " tag="400"><subfield code="a">Ateius Philologus, L.</subfield><subfield code="q">(Lucius),</subfield><subfield code="d">fl. 86-29 B.C.</subfield></datafield><datafield ind1="1" ind2=" " tag="400"><subfield code="a">Praetextatus, L. Ateius</subfield><subfield code="q">(Lucius Ateius),</subfield><subfield code="d">fl. 86-29 B.C.</subfield></datafield><datafield ind1="1" ind2=" " tag="400"><subfield code="a">Praetextatus, Lucius Ateius,</subfield><subfield code="d">fl. 86-29 B.C.</subfield></datafield><datafield ind1="1" ind2=" " tag="400"><subfield code="a">Philologus, Lucius Ateius,</subfield><subfield code="d">fl. 86-29 B.C.</subfield></datafield><datafield ind1=" " ind2=" " tag="670"><subfield code="a">His Grammatica [CF] 1991:</subfield><subfield code="b">PHI CD ROM #5.3, Latin Canon, bibliographic screen (L. Ateius Praetextatus)</subfield></datafield><datafield ind1=" " ind2=" " tag="670"><subfield code="a">Pauly-Wissowa:</subfield><subfield code="b">4. Halbbd., c. 1910-1911; "Ateius", #11 (L. Ateius Praetextatus; nickname Philologus; b. in Athens, brought to Rome as a prisoner in 86 B.C.; still living in Rome as of 29 B.C.; rhetorician and grammarian)</subfield></datafield><datafield ind1=" " ind2=" " tag="670"><subfield code="a">Oxford class. dict., 1st ed.:</subfield><subfield code="b">p. 112 (Ateius Praetextatus Philologus, Lucius; one of the chief scholars of the Ciceronian age; born in Athens; captive in 86 B.C. and brought to Rome; took the name Philologus to indicate his interests)</subfield></datafield><datafield ind1=" " ind2=" " tag="670"><subfield code="a">Funaioli, G. Grammaticae romanae fragmenta, 1964:</subfield><subfield code="b">p. 136 (L. Ateius Praetextatus; forename, Lucius; also known as Ateius Philologus, Ateius Praetextatus)</subfield></datafield><datafield ind1=" " ind2=" " tag="670"><subfield code="a">Dict. of Greek and Latin biography and mythology, 1967:</subfield><subfield code="b">v. 1, p. 392 (Ateius; surnamed Praetextatus, and also Philologus, the latter of which surnames he assumed in order to indicate his great learning)</subfield></datafield><datafield ind1=" " ind2=" " tag="675"><subfield code="a">NUC pre-56.</subfield></datafield></record>